@BOOK{mlstanford,
	AUTHOR = {J. G. Smith and H. K. Weston},
	TITLE = {Introduction to Machine Learning: An Early Draft of a Proposed Textbook},
	YEAR = {1998},
	PUBLISHER = {Stanford University},
}

@article{fuzzylogicintro,
author = {Dernoncourt, Franck},
year = {2013},
month = {01},
pages = {},
title = {Introduction to fuzzy logic}
}

@article{fuzzybraintumor,
author = {Deng, He and Deng, Wankai and Sun, Xianping and Chaohui, Ye and Zhou, Xin},
year = {2016},
month = {10},
pages = {35760},
title = {Adaptive Intuitionistic Fuzzy Enhancement of Brain Tumor MR Images},
volume = {6},
journal = {Scientific Reports},
doi = {10.1038/srep35760}
}

@article{fis,
author = {Guillaume, Serge},
year = {2001},
month = {07},
pages = {426 - 443},
title = {Designing fuzzy inference systems from data: An Interpret ability-oriented review},
volume = {9},
journal = {Fuzzy Systems, IEEE Transactions on},
doi = {10.1109/91.928739}
}

@incollection{fuzzific,
title = "Chapter 2 - Fundamentals of Type-1 Fuzzy Logic Theory",
editor = "Erdal Kayacan and Mojtaba Ahmadieh Khanesar",
booktitle = "Fuzzy Neural Networks for Real Time Control Applications",
publisher = "Butterworth-Heinemann",
pages = "13 - 24",
year = "2016",
isbn = "978-0-12-802687-8",
doi = "https://doi.org/10.1016/B978-0-12-802687-8.00002-5",
url = "http://www.sciencedirect.com/science/article/pii/B9780128026878000025",
author = "Erdal Kayacan and Mojtaba Ahmadieh Khanesar",
}

@article{fuzzyml,
title = "Fuzzy methods in machine learning and data mining: Status and prospects",
journal = "Fuzzy Sets and Systems",
volume = "156",
number = "3",
pages = "387 - 406",
year = "2005",
note = "40th Anniversary of Fuzzy Sets",
issn = "0165-0114",
doi = "https://doi.org/10.1016/j.fss.2005.05.036",
url = "http://www.sciencedirect.com/science/article/pii/S0165011405002861",
author = "Eyke Hüllermeier",
}

@Inbook{fuzzydata,
author="Viertl, Reinhard",
editor="Lovric, Miodrag",
title="Statistical Methods for Non-Precise Data",
bookTitle="International Encyclopedia of Statistical Science",
year="2011",
publisher="Springer Berlin Heidelberg",
address="Berlin, Heidelberg",
pages="1442--1444",
isbn="978-3-642-04898-2",
doi="10.1007/978-3-642-04898-2_546",
url="https://doi.org/10.1007/978-3-642-04898-2_546"
}

@article{fuzzydectree,
  title={A complete fuzzy decision tree technique},
  author={Olaru, Cristina and Wehenkel, Louis},
  journal={Fuzzy sets and systems},
  volume={138},
  number={2},
  pages={221--254},
  year={2003},
  publisher={Elsevier}
}

@article{fcm-intro,
  title={Superpixel-based fast fuzzy C-means clustering for color image segmentation},
  author={Lei, Tao and Jia, Xiaohong and Zhang, Yanning and Liu, Shigang and Meng, Hongying and Nandi, Asoke K},
  journal={IEEE Transactions on Fuzzy Systems},
  volume={27},
  number={9},
  pages={1753--1766},
  year={2018},
  publisher={IEEE}
}

@inproceedings{fknn-example1,
  title={Exact fuzzy k-nearest neighbor classification for big datasets},
  author={Maillo, Jesus and Luengo, Julian and Garc{\'\i}a, Salvador and Herrera, Francisco and Triguero, Isaac},
  booktitle={2017 IEEE International Conference on Fuzzy Systems (FUZZ-IEEE)},
  pages={1--6},
  year={2017},
  organization={IEEE}
}


@ARTICLE{membinterp,  author={D. {Dubois} and H. {Prade}},  journal={IEEE Transactions on Fuzzy Systems},   title={Fuzzy sets/spl minus/a convenient fiction for modeling vagueness and possibility},   year={1994},  volume={2},  number={1},  pages={16-21},}

@article{membpaper,
title = "An overview of membership function generation techniques for pattern recognition",
journal = "International Journal of Approximate Reasoning",
volume = "19",
number = "3",
pages = "391 - 417",
year = "1998",
issn = "0888-613X",
doi = "https://doi.org/10.1016/S0888-613X(98)10017-8",
url = "http://www.sciencedirect.com/science/article/pii/S0888613X98100178",
author = "Swarup Medasani and Jaeseok Kim and Raghu Krishnapuram",
}

@article{membneuralnetwsimilar,
author = {Olivas, Emilio and Martín-Guerrero, José and Camps-Valls, Gustau and Serrano-López, Antonio and Calpe, Javier and Gómez-Chova, Luis},
year = {2003},
month = {02},
pages = {1576-1579},
title = {A low-complexity fuzzy activation function for artificial neural networks},
volume = {14},
journal = {IEEE Transactions on Neural Networks},
doi = {10.1109/TNN.2003.820444}
}


@article{neurofuzzyintro,
author = {Taheri, Nina and Ebrahimpour, Reza and Hajiany, Alireza},
year = {2020},
month = {09},
pages = {},
title = {Face Recognition Based on Neuro-Fuzzy System},
volume = {9}
}

@inproceedings{surveyneurofuzzy,
author = {Vieira, José and Morgado-Dias, F. and Mota, Alexandre},
year = {2004},
month = {03},
pages = {},
title = {Neuro-Fuzzy Systems: A Survey}
}

@ARTICLE{fmmnn_variants,  author={O. N. {Al Sayaydeh} and M. F. {Mohammed} and C. P. {Lim}},  journal={IEEE Transactions on Fuzzy Systems},   title={Survey of Fuzzy Min–Max Neural Network for Pattern Classification Variants and Applications},   year={2019},  volume={27},  number={4},  pages={635-645},}

% Fonti reti neurali fuzzy

@article{anfis,
author = {Karaboga, Dervis and Kaya, E.},
year = {2018},
month = {01},
pages = {1-31},
title = {Adaptive network based fuzzy inference system (ANFIS) training approaches: a comprehensive survey},
journal = {Artificial Intelligence Review},
doi = {10.1007/s10462-017-9610-2}
}

@article{canfi,
author = {Tahmasebi, Pejman and Hezarkhani, Ardeshir},
year = {2012},
month = {05},
pages = {18–27},
title = {A hybrid neural networks-fuzzy logic-genetic algorithm for grade estimation},
volume = {42},
journal = {Computers \& Geosciences},
doi = {10.1016/j.cageo.2012.02.004}
}


@INPROCEEDINGS{sofnn,  author={N. {Wang} and C. {Qiu} and X. {Niu} and Z. {Xue}},  booktitle={9th IEEE International Conference on Cognitive Informatics (ICCI'10)},   title={A novel Online Self-organizing Fuzzy Neural Network for function approximation},   year={2010},  volume={},  number={},  pages={550-555},}

@article{gensofnn,
author = {Tung, Whye Loon and Quek, Chai},
year = {2002},
month = {02},
pages = {1075-86},
title = {GenSoFNN: A generic self-organizing fuzzy neural network},
volume = {13},
journal = {IEEE transactions on neural networks / a publication of the IEEE Neural Networks Council},
doi = {10.1109/TNN.2002.1031940}
}

@ARTICLE{SOFNNGA,  author={G. {Leng} and T. M. {McGinnity} and G. {Prasad}},  journal={IEEE Transactions on Fuzzy Systems},   title={Design for Self-Organizing Fuzzy Neural Networks Based on Genetic Algorithms},   year={2006},  volume={14},  number={6},  pages={755-766},}

@inproceedings{sofnn-it2,
author = {Leng, Gang and Ray, Anjan and Mcginnity, T.M. and Coleman, Sonya and Maguire, Liam and Vance, Philip},
year = {2014},
month = {05},
pages = {},
title = {An Interval Type-2 Fuzzy Neural Network for Cognitive Decisions}
}


@ARTICLE{GP-FNN,  author={H. {Han} and J. {Qiao}},  journal={IEEE Transactions on Fuzzy Systems},   title={A Self-Organizing Fuzzy Neural Network Based on a Growing-and-Pruning Algorithm},   year={2010},  volume={18},  number={6},  pages={1129-1143},}

@article{SOFMLS,
author = {Rubio, Jose de Jesus},
year = {2009},
month = {12},
pages = {1296 - 1309},
title = {SOFMLS: Online self-organizing fuzzy modified least-squares network},
volume = {17},
journal = {Fuzzy Systems, IEEE Transactions on},
doi = {10.1109/TFUZZ.2009.2029569}
}

@ARTICLE{SEIT2FNN,  author={C. {Juang} and Y. {Tsao}},  journal={IEEE Transactions on Fuzzy Systems},   title={A Self-Evolving Interval Type-2 Fuzzy Neural Network With Online Structure and Parameter Learning},   year={2008},  volume={16},  number={6},  pages={1411-1424},}

@INPROCEEDINGS{IT2FNN,  author={S. {Fartah Tolue} and M. {Akbarzadeh-T.}},  booktitle={2013 13th Iranian Conference on Fuzzy Systems (IFSC)},   title={Dynamic fuzzy learning rate in a self-evolving interval type-2 TSK fuzzy neural network},   year={2013},  volume={},  number={},  pages={1-6},}

@ARTICLE{FMMNN,  author={P. K. {Simpson}},  journal={IEEE Transactions on Neural Networks},   title={Fuzzy min-max neural networks. I. Classification},   year={1992},  volume={3},  number={5},  pages={776-786},}

@ARTICLE{DFNN,  author={ {Shiqian Wu} and  {Meng Joo Er}},  journal={IEEE Transactions on Systems, Man, and Cybernetics, Part B (Cybernetics)},   title={Dynamic fuzzy neural networks-a novel approach to function approximation},   year={2000},  volume={30},  number={2},  pages={358-364},}

@ARTICLE{GDFNN,  author={ {Shiqian Wu} and  {Meng Joo Er} and  {Yang Gao}},  journal={IEEE Transactions on Fuzzy Systems},   title={A fast approach for automatic generation of fuzzy rules by generalized dynamic fuzzy neural networks},   year={2001},  volume={9},  number={4},  pages={578-594},}

@ARTICLE{SVFNN,  author={ {Chin-Teng Lin} and  {Chang-Mao Yeh} and  {Sheng-Fu Liang} and  {Jen-Feng Chung} and N. {Kumar}},  journal={IEEE Transactions on Fuzzy Systems},   title={Support-vector-based fuzzy neural network for pattern classification},   year={2006},  volume={14},  number={1},  pages={31-41},}

@ARTICLE{SONFIN,  author={ {Chia-Feng Juang} and  {Chin-Teng Lin}},  journal={IEEE Transactions on Fuzzy Systems},   title={An online self-constructing neural fuzzy inference network and its applications},   year={1998},  volume={6},  number={1},  pages={12-32},}




% fonti FKNN

@ARTICLE{FKNN,  author={J. M. {Keller} and M. R. {Gray} and J. A. {Givens}},  journal={IEEE Transactions on Systems, Man, and Cybernetics},   title={A fuzzy K-nearest neighbor algorithm},   year={1985},  volume={SMC-15},  number={4},  pages={580-585},}

@INPROCEEDINGS{VWFuzzyKNN,  author={J. H. {Han} and Y. K. {Kim}},  booktitle={Proceedings. 1999 IEEE Computer Society Conference on Computer Vision and Pattern Recognition (Cat. No PR00149)},   title={A fuzzy K-NN algorithm using weights from the variance of membership values},   year={1999},  volume={2},  number={},  pages={394-399 Vol. 2},}

@article{FCMKNN,
author = {Bezdek, James and Chuah, Siew and Leep, David},
year = {1986},
month = {04},
pages = {237-256},
title = {Generalized k-Nearest Neighbor rules},
volume = {18},
journal = {Fuzzy Sets and Systems},
doi = {10.1016/0165-0114(86)90004-7}
}

@article{GAFuzzyKNN, 
author = {X. Hu, C. Xie},
year = {2005},
pages = {203–213},
title = {Improving fuzzy k-NN by using genetic algorithm},
journal = {Journal of Computational Information Systems 1},
}

@article{LPKNN,
author = {Destercke, Sebastien},
year = {2012},
month = {05},
pages = {833-844},
title = {A K-nearest neighbours method based on imprecise probabilities},
volume = {16},
journal = {Soft Computing},
doi = {10.1007/s00500-011-0773-5}
}

@inbook{FRNN,
author = {Jensen, Richard and Cornelis, Chris},
year = {2011},
month = {01},
pages = {56-72},
title = {Fuzzy-Rough Nearest Neighbour Classification},
volume = {6499},
doi = {10.1007/978-3-642-18302-7_4}
}

@inproceedings{IV-KNN,
  title={An Interval Valued K-Nearest Neighbors Classifier},
  author={Joaquín Derrac, Francisco Chiclana, Salvador García and Francisco Herrera},
  year={2015},
  booktitle={Proceedings of the 2015 Conference of the International Fuzzy Systems Association and the European Society for Fuzzy Logic and Technology},
  pages={378-384},
  issn={1951-6851},
  isbn={978-94-62520-77-6},
  doi={https://doi.org/10.2991/ifsa-eusflat-15.2015.55},
  publisher={Atlantis Press}
}

@article{EF-KNN-IVFS,
author = {Derrac, Joaquín and Chiclana, Francisco and García, Salvador and Herrera, Francisco},
year = {2015},
month = {09},
pages = {},
title = {Evolutionary Fuzzy K-Nearest Neighbors Algorithm using Interval-Valued Fuzzy Sets},
volume = {329},
journal = {Information Sciences},
doi = {10.1016/j.ins.2015.09.007}
}

@INPROCEEDINGS{IT2FKNN,  author={F. C. -. {Rhee} and  {Cheul Hwang}},  booktitle={The 12th IEEE International Conference on Fuzzy Systems, 2003. FUZZ '03.},   title={An interval type-2 fuzzy K-nearest neighbor},   year={2003},  volume={2},  number={},  pages={802-807 vol.2},}

@article{IFSKNN,
author = {Hadjitodorov, Stefan},
year = {2001},
month = {01},
pages = {155-165},
title = {An intuitionistic fuzzy version of the nearest prototype classification method, based on a moving-of-pattern procedure},
volume = {30},
journal = {INTERNATIONAL JOURNAL OF GENERAL SYSTEM},
doi = {10.1080/03081070108960703}
}

@article{IF-KNN,
author = {Todorova, L. and Peter, Vassilev},
year = {2009},
month = {12},
pages = {},
title = {Application of K-Nearest Neighbor Rule in the Case of Intuitionistic Fuzzy Sets for Pattern Recognition},
volume = {13},
journal = {International Journal Bioautomation}
}


@article{D-SKNN,
author = {Hüllermeier, Eyke},
year = {2003},
month = {08},
pages = {335-383},
title = {Possibilistic instance-based learning},
volume = {148},
journal = {Artificial Intelligence},
doi = {10.1016/S0004-3702(03)00019-5}
}

@article{ MOGA-MFNN,
author = {Hosseinzadeh Kassani, Peyman and Teoh, Andrew and Kim, Euntai},
year = {2017},
month = {07},
pages = {},
title = {Evolutionary-Modified Fuzzy Nearest-Neighbor Rule for Pattern Classification},
volume = {88},
journal = {Expert Systems with Applications},
doi = {10.1016/j.eswa.2017.07.013}
}

@article{PFKNN,
author = {Arif, Muhammad and Akram, Muhammad Usman and Minhas, Fayyaz ul Amir Afsar},
year = {2009},
month = {01},
pages = {37-42},
title = {Arrhythmia Beat Classification Using Pruned Fuzzy K-Nearest Neighbor Classifier},
volume = {0},
isbn = {978-0-7695-3879-2},
journal = {Soft Computing and Pattern Recognition, International Conference of},
doi = {10.1109/SoCPaR.2009.20}
}

@article{FENN,
author = {Yang, Miin-Shen and Chen, Chien-Hung},
year = {1998},
month = {07},
pages = {461 - 466},
title = {On the edited fuzzy K-nearest neighbor rule},
volume = {28},
journal = {Systems, Man, and Cybernetics, Part B: Cybernetics, IEEE Transactions on},
doi = {10.1109/3477.678652}
}

@article{PIFW-kNN,
author = {Biswas, Nimagna and Chakraborty, Saurajit and Mullick, Sankha and Das, Swagatam},
year = {2017},
month = {11},
pages = {},
title = {A Parameter Independent Fuzzy Weighted k -Nearest Neighbor Classifier},
volume = {101},
journal = {Pattern Recognition Letters},
doi = {10.1016/j.patrec.2017.11.003}
}


@article{FKNN-NN,
author = {Liu, Shuangrong and Wang, Lin and Yang, Bo},
year = {2019},
month = {09},
pages = {1-13},
title = {An Improved Neural Network Classifier Using Fuzzy Nearest Neighbor Partitioning Method},
volume = {21},
journal = {International Journal of Fuzzy Systems},
doi = {10.1007/s40815-019-00724-9}
}

@misc{repo,
  title = {Repository del tirocinio},
  howpublished = {\url{https://github.com/ritafolisi/Tirocinio}},
  note = {Accessed: 2020-10-05}
}