@article{bib:zadeh,
	title={L. A. Zadeh. Fuzzy sets. Information and control, vol. 8 (1965), pp. 338–353. - L. A. Zadeh. Similarity relations and fuzzy orderings. Information sciences, vol. 3 (1971), pp. 177–200.},
	volume={38},
	DOI={10.2307/2272014},
	number={4},
	journal={Journal of Symbolic Logic},
	publisher={Cambridge University Press},
	author={Goguen, J. A.},
	year={1973},
	pages={656–657}}

@article{bib:rassegna,
	title={An overview of membership function generation techniques for pattern recognition},
	author={S. Medasani and J. Kim and R. Krishnapuram},
	journal={Int. J. Approx. Reason.},
	year={1998},
	volume={19},
	pages={391-417}
}

@article{bib:svmfr,
	author = {Babaoğlu, İsmail and Fındık, Oğuz and Bayrak, Mehmet},
	year = {2010},
	month = {03},
	pages = {2182-2185},
	title = {Effects of principle component analysis on assessment of coronary artery diseases using support vector machine},
	volume = {37},
	journal = {Expert Systems with Applications},
	doi = {10.1016/j.eswa.2009.07.055}
}

@article{bib:svmfr2,
	author = {Li, Yongmin and Gong, Shaogang and Sherrah, Jamie},
	year = {2004},
	month = {06},
	pages = {},
	title = {Support vector machine based multi-view face detection and recognition Yongmin Li}
}

@article{bib:svmmed,
	author = {Babaoğlu, İsmail and Fındık, Oğuz and Bayrak, Mehmet},
	year = {2010},
	month = {03},
	pages = {2182-2185},
	title = {Effects of principle component analysis on assessment of coronary artery diseases using support vector machine},
	volume = {37},
	journal = {Expert Systems with Applications},
	doi = {10.1016/j.eswa.2009.07.055}
}

@article{bib:svmmed2,
	author = {Asl, Babak and Setarehdan, Kamal and Mohebbi, Maryam},
	year = {2008},
	month = {07},
	pages = {51-64},
	title = {Support Vector machine-based arrhythmia classification using reduced features of heart rate variability signal},
	volume = {44},
	journal = {Artificial intelligence in medicine},
	doi = {10.1016/j.artmed.2008.04.007}
}

@article {bib:economy,
	author = {Safari, S. and Erfani, A. R.},
	title = {A new method for fuzzification of nested dummy variables by fuzzy clustering membership functions and its application in financial economy},
	journal = {Iranian Journal of Fuzzy Systems},
	volume = {17},
	number = {1},
	pages = {13-27},
	year  = {2020},
	publisher = {University of Sistan and Baluchestan},
	issn = {1735-0654},
	eissn = {2676-4334},
	doi = {10.22111/ijfs.2020.5108},
	url = {https://ijfs.usb.ac.ir/article_5108.html},
	eprint = {https://ijfs.usb.ac.ir/article_5108_52675d6d4005a5cb657c3133cd895324.pdf}
}

@article{bib:psychology,
	author = {Pasha, Einollah and Fatemi, Adel},
	year = {2006},
	month = {01},
	pages = {},
	title = {Intuitionistic fuzzy sets clustering (IFSC) with an application in psychology},
	volume = {28},
	journal = {Journal of Mathematics and Applications}
}

@article{bib:biology,
	author = {Damian, Doris and Oresic, Matej and Verheij, Elwin and Meulman, Jacqueline and Friedman, Jerome and Adourian, Aram and Morel, Nicole and Smilde, Age and van der Greef, Jan},
	year = {2007},
	month = {03},
	pages = {69-77},
	title = {Applications of a new subspace clustering algorithm (COSA) in medical systems biology},
	volume = {3},
	journal = {Metabolomics},
	doi = {10.1007/s11306-006-0045-z}
}

@incollection{bib:biology2,
	title = {Localized Data Fusion for Kernel k-Means Clustering with Application to Cancer Biology},
	author = {G\"{o}nen, Mehmet and Margolin, Adam A},
	booktitle = {Advances in Neural Information Processing Systems 27},
	editor = {Z. Ghahramani and M. Welling and C. Cortes and N. D. Lawrence and K. Q. Weinberger},
	pages = {1305--1313},
	year = {2014},
	publisher = {Curran Associates, Inc.},
	url = {http://papers.nips.cc/paper/5236-localized-data-fusion-for-kernel-k-means-clustering-with-application-to-cancer-biology.pdf}
}

@inproceedings{bib:medicine,
	author = {Hernández Julio, Yamid and Muñoz Hernández, Helmer and Bernal, Wilson and Guzmán, Javier and González Díaz, Romel and Ferraz, Patrícia},
	year = {2019},
	month = {02},
	pages = {},
	title = {Fuzzy knowledge discovery and decision-making through clustering and dynamic tables. Application to Medicine}
}

@inproceedings{bib:medicine2,
	author = {Villmann, Thomas and Albani, Conny},
	year = {2001},
	month = {09},
	pages = {619-627},
	title = {Clustering of Categoric Data in Medicine — Application of Evolutionary Algorithms},
	volume = {2206},
	doi = {10.1007/3-540-45493-4_62}
}

@article{bib:kmvfcm,
	author = {Siringoringo, Rimbun and Jamaluddin, Jamaluddin},
	year = {2019},
	month = {11},
	title = {Initializing the Fuzzy C-Means Cluster Center With Particle Swarm Optimization for Sentiment Clustering},
	volume = {1361},
	journal = {Journal of Physics: Conference Series},
	doi = {10.1088/1742-6596/1361/1/012002}
}

@techreport{bib:bias,
	author = "T. G. Dietterich and E. B. Kong",
	title ="Machine learning bias, statistical bias, and statistical variance of decision tree algorithms",
	year = "1995",
	institution = "Department of Computer Science, Oregon State University"
}


@inproceedings{bib:rsfkm,
	title={Robust and Sparse Fuzzy K-Means Clustering},
	author={Jinglin Xu and J. Han and Kai Xiong and F. Nie},
	booktitle={IJCAI},
	year={2016}
}

@article{bib:fkmfis,
	author = "S.S. Jamsandekar and R.R. Mudholkar",
	title = "Fuzzy Classification System by Self Generated Membership Function Using Clustering Technique",
	journal = "BIJIT - BVICAM's International Journak of Information Technology",
	year = 2013,
}

@article{bib:dubois,
	author = "D.Dubois and H.Prade",
	title = "The three semantics of fuzzy sets",
	journal = "Fuzzy Sets and Systems 90",
	pages = {141-150},
	year = 1997,
}

@article{bib:gifpfcm,
	author = {Zhu, Lin and Chung, Fu-Lai and Wang, Shitong},
	title = {Generalized Fuzzy C-Means Clustering Algorithm with Improved Fuzzy Partitions},
	year = {2009},
	issue_date = {June 2009},
	publisher = {IEEE Press},
	volume = {39},
	number = {3},
	issn = {1083-4419},
	url = {https://doi.org/10.1109/TSMCB.2008.2004818},
	doi = {10.1109/TSMCB.2008.2004818},
	journal = {Trans. Sys. Man Cyber. Part B},
	month = jun,
	pages = {578–591},
	numpages = {14}
}

@inproceedings{bib:cdt,
	author = {Gao, Bin-Bin and Wang, Jianjun and Wang, Yao and Yang, Chan-Yun},
	year = {2015},
	month = {12},
	pages = {7-12},
	title = {Coordinate Descent Fuzzy Twin Support Vector Machine for Classification},
	doi = {10.1109/ICMLA.2015.35}
}

@article{bib:wcs,
	author = {An, Wenjuan and Liang, Mangui},
	year = {2013},
	month = {06},
	pages = {101–110},
	title = {Fuzzy support vector machine based on within-class scatter for classification problems with outliers or noises},
	volume = {110},
	journal = {Neurocomputing},
	doi = {10.1016/j.neucom.2012.11.023}
}

@article{bib:cil,
	title = "FSVM-CIL: Fuzzy support vector machines for class imbalance learning",
	author = "Rukshan Batuwita and Vasile Palade",
	year = "2010",
	month = "6",
	doi = "10.1109/TFUZZ.2010.2042721",
	language = "English",
	volume = "18",
	pages = "558--571",
	journal = "IEEE Transactions on Fuzzy Systems",
	issn = "1063-6706",
	publisher = "Institute of Electrical and Electronics Engineers",
	number = "3",
}

@article{bib:afkm,
	author = {Li, Mark Junjie and Ng, Michael and Cheung, Yiu-ming and Huang, Joshua},
	year = {2008},
	month = {12},
	pages = {1519 - 1534},
	title = {Agglomerative Fuzzy K-Means Clustering Algorithm with Selection of Number of Clusters},
	volume = {20},
	journal = {Knowledge and Data Engineering, IEEE Transactions on},
	doi = {10.1109/TKDE.2008.88}
}

@article{bib:csfcm,
	author = "S.K.Adhikari and J.K.Sing and D.K.Basub and M.Nasipuri",
	title = "Conditional spatial fuzzy C-means clustering algorithm	for segmentation of MRI images",
	journal = "Applied Soft Computing",
	volume = 34,
	month = "September",
	year = 2015,
	pages = {758-769}
}

@unknown{bib:refcmfs,
	author = {Xu, Jinglin and Han, Junwei and Nie, Feiping and Li, Xuelong},
	year = {2019},
	month = {08},
	pages = {},
	title = {Robust and Efficient Fuzzy C-Means Clustering Constrained on Flexible Sparsity}
}

@inproceedings{bib:multi,
	author = {Abe, Shigeo and Inoue, Takuya},
	year = {2002},
	month = {01},
	pages = {113-118},
	title = {Fuzzy support vector machines for multiclass problems},
	journal = {Proc. of the European Symposium on Artificial Neural Networks}
}

@article{bib:svc,
	author = {Ben-Hur, Asa and Horn, David and Siegelmann, Hava T. and Vapnik, Vladimir},
	title = {Support Vector Clustering},
	year = {2002},
	issue_date = {3/1/2002},
	publisher = {JMLR.org},
	volume = {2},
	issn = {1532-4435},
	journal = {J. Mach. Learn. Res.},
	month = mar,
	pages = {125–137},
	numpages = {13}
}


@article{bib:fcm,
	title={FCM: The fuzzy c-means clustering algorithm},
	author={J. Bezdek and R. Ehrlich and W. E. Full},
	journal={Computers e Geosciences},
	year={1984},
	volume={10},
	pages={191-203}
}

@article{bib:fsvm,
	author = {Tang, Wan},
	year = {2011},
	month = {12},
	pages = {209-219},
	title = {Fuzzy SVM with a New Fuzzy Membership Function to Solve the Two-Class Problems},
	volume = {34},
	journal = {Neural Processing Letters},
	doi = {10.1007/s11063-011-9192-y}
}

@article{bib:fsvm2,
	author = {Jiang, Xiufeng and Yi, Zhang and Lv, Jian},
	year = {2006},
	month = {06},
	pages = {268-276},
	title = {Fuzzy SVM with a new fuzzy membership function},
	volume = {15},
	journal = {Neural Computing and Applications},
	doi = {10.1007/s00521-006-0028-z}
}

@article{bib:firefly,
	title={A new fuzzy membership assignment and model selection approach based on dynamic class centers for fuzzy SVM family using the firefly algorithm},
	author={O. Almasi and M. Rouhani},
	journal={Turkish Journal of Electrical Engineering and Computer Sciences},
	year={2016},
	volume={24},
	pages={1797-1814}
}

@article{bib:apso,
	author = {Almasi, Omid and Gooqeri, Hamed and Asl, Behnam and Tang, Wan},
	year = {2015},
	month = {02},
	pages = {171-182},
	title = {A New Fuzzy Membership Assignment Approach For Fuzzy Svm Based On Adaptive Pso In Classification Problems},
	volume = {14},
	journal = {Journal of Mathematics and Computer Science},
	doi = {10.22436/jmcs.014.02.08}
}

@misc{bib:flst,
	title={Fuzzy Least Squares Twin Support Vector Machines},
	author={Javad Salimi Sartakhti and Homayun Afrabandpey and Nasser Ghadiri},
	year={2015},
	eprint={1505.05451},
	archivePrefix={arXiv},
	primaryClass={cs.AI}
}

@inproceedings{bib:fksc,
	author = {Guo, Muhan and Zhang, Rui and Nie, Feiping and Li, Xuelong},
	title = {Embedding Fuzzy K-Means with Nonnegative Spectral Clustering via Incorporating Side Information},
	year = {2018},
	isbn = {9781450360142},
	publisher = {Association for Computing Machinery},
	address = {New York, NY, USA},
	url = {https://doi.org/10.1145/3269206.3269237},
	doi = {10.1145/3269206.3269237},
	pages = {1567–1570},
	numpages = {4},
	keywords = {fuzzy k-means, side information, spectral clustering},
	location = {Torino, Italy},
	series = {CIKM '18}
}



@article{bib:pfcm,
	title={A possibilistic approach to clustering},
	author={R. Krishnapuram and J. Keller},
	journal={IEEE Trans. Fuzzy Syst.},
	year={1993},
	volume={1},
	pages={98-110}
}

@article{bib:sscpc,
	author = {Zhang, Rui and Nie, Feiping and Li, Xuelong},
	year = {2017},
	month = {02},
	pages = {},
	title = {Self-Weighted Spectral Clustering with Parameter-Free Constraint},
	volume = {241},
	journal = {Neurocomputing},
	doi = {10.1016/j.neucom.2017.01.085}
}

@article{bib:icffcm,
	title={Intuitionistic Center-Free FCM Clustering for MR Brain Image Segmentation},
	author={X. Bai and Yuxuan Zhang and H. Liu and Yingfan Wang},
	journal={IEEE Journal of Biomedical and Health Informatics},
	year={2019},
	volume={23},
	pages={2039-2051}
}

@article{bib:dofcm,
	author = {Kaur, Prabhjot and Lamba, I. and Gosain, Anjana},
	year = {2011},
	month = {01},
	pages = {297-303},
	title = {DOFCM: A Robust Clustering Technique Based upon Density},
	volume = {3},
	journal = {International Journal of Engineering and Technology},
	doi = {10.7763/IJET.2011.V3.241}
}

@article{bib:bcpfcm,
	author = {Aparajeeta, Jeetashree and Nanda, Pradipta Kumar and Das, Niva},
	title = {Modified Possibilistic Fuzzy C-Means Algorithms for Segmentation of Magnetic Resonance Image},
	year = {2016},
	issue_date = {April 2016},
	publisher = {Elsevier Science Publishers B. V.},
	address = {NLD},
	volume = {41},
	number = {C},
	issn = {1568-4946},
	journal = {Appl. Soft Comput.},
	month = apr,
	pages = {104–119},
	numpages = {16},
	keywords = {Fuzzy C-means, Magnetic resonance imaging, Possibilistic C-means, Neighbourhood, Bias field}
}

@inproceedings{bib:msvc,
	author={Malchiodi, Dario and Pedrycz, Witold},
	title={Learning Membership Functions for Fuzzy Sets through Modified Support Vector Clustering",
	editor="Masulli, Francesco and Pasi, Gabriella and Yager, Ronald},
	booktitle={Fuzzy Logic and Applications. 10th International Workshop, WILF 2013, Genoa, Italy, November 19–22, 2013. Proceedings.},
	publisher={Springer International Publishing, Switzerland",series="Lecture Notes on Artificial Intelligence},
	pages={52–59},
	year={2013}
},

@inproceedings{bib:ssi,
	author="Malchiodi, Dario and Zanaboni, Anna Maria",
	title="Data-Driven Induction of Shadowed Sets Based on Grade of Fuzziness",
	editor="Fullér, Robert and Giove, Silvio and Masulli, Francesco",
	booktitle="Fuzzy Logic and Applications — 12th International Workshop, WILF 2018 Genoa, Italy, September 6–7, 2018 — Revised Selected Papers",
	address="Cham",
	publisher="Springer Nature Switzerland AG",series="Lecture Notes in Artificial Intelligence 11291",
	pages="17—28",
	year=2019},

@inproceedings{bib:kfcm,
	title={Kernel-based fuzzy and possibilistic c-means clustering},
	author={Dao-Qiang Zhang and Song-Can Chen},
	year={2003}
}

@masterthesis{bib:rita,
	author = "Rita Folisi",
	title = "Confronto tra approcci basati su nearest neighbour e reti neurali nell'induzione di insiemi fuzzy",
	school = "Università degli Studi di Milano - Facoltà di Scienze e Tecnologie",
	year = 2020
}

@book{bib:ml,
	author    = {Nils J. Nilsson},
	title     = {Introduction to Machine Learning: an early draft of a proposed textbook},
	publisher = {Robotics Laboratory, Department of Computer Science},
	year      = 1998,
	address   = {Stanford, CA 94305},
	month     = {November 3}
}

@book{bib:cv,
	author    = {M. Mohri and A. Rostamizadeh and A. Talwalkar},
	title     = {Foundation of Machine Learning},
	publisher = {The MIT Press},
	year      = 2012
}

@book{bib:fuzzy,
	author    = {Guanrong Chen and Trung Tat Pham},
	title     = {Introduction to Fuzzy Sets, Fuzzy Logic and Fuzzy Control Systems},
	publisher = {CRC Press},
	year      = 2001
}

@book{bib:fuzzy2,
	author    = {Tzung-Pei Hong and Shyue-Liang Wang},
	title     = {Determining Appropriate Membership Functions to Simplify Fuzzy Induction},
	year      = 2020
}
